4242 7292
727 1396 1491 1499 Primumrro.

354 1707 474 1809 unde
489 1694 577 1809 'eas
604 1704 692 1835 huc
716 1703 1038 1835 descripsrmus.
1116 1703 1252 1803 Alias
1277 1703 1637 1818 Observationes
1661 1713 1704 1805 in
1731 1708 1858 1809 libris

337 1857 718 1993 ,Ephemeridum
736 1862 1013 1978 Sinicarum,
1035 1864 1115 1986 qui
1133 1864 1375 1985 quotannis
1399 1863 1658 1990 prodeunt,
1682 1864 1855 1963 insertis

277 2062 280 2067 <
353 2017 415 2115 ad
440 2026 543 2114 eum
566 2012 703 2113 finem
728 2014 841 2115 albis
860 2011 1021 2134 foliis,
1061 2012 1223 2116 ordine
1248 2011 1424 2113 dierum
1450 2014 1725 2136 adnotabat,
1750 2018 1854 2119 inde

354 2170 641 2301 digeffimiu,
672 2196 791 2298 uuas
814 2167 890 2285 hic
915 2165 1073 2269 damus
1099 2172 1143 2267 in
1168 2172 1333 2269 Priore
1359 2172 1530 2290 Parte,
1563 2173 1764 2300 quasque
1789 2176 1853 2271 ita

157 2357 166 2377 ·
353 2327 563 2453 digerere
588 2322 781 2452 placuit,
806 2338 856 2426 ut
879 2353 972 2425 uno
996 2327 1157 2423 intuitu
1183 2343 1449 2453 appareret,
1487 2325 1597 2452 quid
1622 2330 1666 2424 in
1682 2333 1852 2453 quovis

353 2509 520 2610 genere
543 2475 841 2580 observatum
863 2477 915 2575 fit
940 2480 1122 2607 potius,
1144 2506 1284 2605 quam
1310 2477 1417 2604 quid
1444 2483 1614 2608 quovis
1631 2499 1853 2612 tempore.

354 2635 563 2735 Vidimus
587 2634 771 2762 quidem
805 2630 1165 2755 Observationes
1196 2630 1315 2730 illius
1351 2631 1523 2758 aliquas
1558 2635 1739 2762 sparsun
1773 2640 1851 2733 inr-

354 2785 549 2920 pressas,
575 2789 662 2889 sed
688 2807 782 2914 tam
809 2817 969 2922 parum
993 2785 1224 2904 feliciter,
1260 2803 1311 2883 ut
1336 2787 1472 2885 etiam
1500 2787 1620 2890 Solis
1645 2789 1851 2918 Eclipses

350 2951 405 3042 in·
432 2943 637 3072 Eclipses
679 2949 828 3043 Lunae
865 2939 1199 3041 transformatae
1236 2935 1438 3072 fuerint,
1476 2948 1523 3040 δι
1562 2940 1851 3045 necessarium

163 3094 167 3101 ’
350 3098 451 3221 siat,
489 3106 609 3225 quot'
632 3096 902 3226 superfluum
927 3093 1091 3193 videre
1116 3109 1312 3224 poterat.

505 3253 660 3351 Porro
685 3250 793 3351 dum
827 3249 901 3349 hae
934 3245 1294 3350 Observationes
1330 3248 1760 3372 transcriberentur,
1803 3256 1851 3350 dr

351 3407 700 3524 ordinarentur,
732 3403 899 3506 fiebant
923 3432 1042 3503 ame
1061 3401 1191 3520 aliae,
1226 3433 1339 3530 quas
1364 3410 1558 3532 primum
1585 3407 1850 3538 appendicis

349 3560 460 3660 loco
474 3554 701 3691 prioribus
719 3558 916 3686 adjicere
931 3557 1099 3674 visum,
1116 3553 1195 3655 sed
1215 3556 1440 3658 crescente
1459 3588 1612 3659 earum
1632 3589 1851 3682 numeru,

352 3712 546 3814 alteram
570 3711 700 3838 hujus
724 3718 879 3843 operis
904 3729 1083 3844 partem
1108 3710 1425 3839 impleverunt
1490 3713 1571 3813 De
1595 3712 1844 3840 hujusmodi

353 3867 736 3970 Observationum
762 3872 1052 3968 accuratione
1077 3862 1307 3992 denique,
1344 3882 1423 3966 aut
1449 3865 1524 3967 usu
1550 3886 1647 3969 tute
1673 3873 1843 3969 Ledor

352 4040 487 4156 puta'3
514 4020 656 4142 vale,
680 4025 816 4142 vive,
839 4019 963 4159 fave,

567 4310 751 4418 Dabam
776 4264 930 4417 suuni
951 4312 1160 4418 Sinanm
1186 4318 1318 4418 Anno
1343 4312 1434 4419 Xti
1465 4337 1624 4447 1754.
1706 4420 1709 4427 ,

351 4738 479 4830 Ano
488 4742 746 4879 ussurus
756 4742 1197 4849 narransrum
