4242 7292
593 1412 658 1473 m>
694 1385 866 1475 Panum
903 1383 1163 1470 Gremcmu
1197 1376 1411 1470 Remum.
1653 1381 1745 1490 363

425 1688 617 1800 Denique
643 1681 839 1799 descripta
865 1689 904 1772 in
932 1666 1176 1770 malamina
1202 1710 1349 1797 cuprea
1375 1666 1530 1787 suida,
1573 1681 1751 1772 mensura

259 1853 281 1935 3
308 1827 458 1942 pedum
477 1825 692 1912 Sinicorum
717 1848 808 1909 cum
823 1829 914 1948 ᾗ,
947 1824 1180 1934 comparavi
1206 1849 1296 1910 cum
1324 1840 1410 1909 tota
1434 1823 1510 1908 hac
1533 1819 1751 1908 mensuram

252 1982 317 2051 tot
301 1983 382 2053 tam
413 1962 625 2051 Parismam
705 1956 924 2048 Excessum
954 1958 1141 2047 mensurae
1174 1958 1355 2048 ‘Parismae
1388 1961 1554 2141 applicui
1582 1962 1749 2071 primum
1847 2062 1856 2075 fl

255 2104 347 2214 pedi
367 2099 526 2206 sirico,
551 2103 664 2186 dt't
610 2129 647 2187 m
648 2099 835 2210 terpofita
855 2098 965 2185 lente
982 2098 1252 2184 numeravi¹
1664 2093 1748 2207 sup·

255 2239 389 2351 putavi
413 2240 570 2351 pedem
598 2238 805 2324 Parifinum
841 2264 969 2342 1014
975 2261 997 2345 3
1013 2236 1084 2322 16
1157 2232 1322 2324 Deinde
1346 2235 1518 2325 eundem
1544 2229 1748 2322 excessum

254 2379 423 2490 applicui
443 2379 563 2460 unciae
583 2375 693 2461 Paris
686 2398 755 2460 mae
775 2373 933 2461 divisae
923 2401 961 2459 m
986 2397 1082 2481 140
1100 2388 1246 2485 partes

267 2514 384 2599 Et
400 2516 607 2602 numeravi
630 2539 650 2597 1
672 2515 734 2598 liu
750 2536 838 2633 -r-
815 2510 875 2569 -¹-
838 2499 928 2632 ¹&

326 2652 432 2737 Hinc
450 2675 524 2762 pes
544 2647 729 2734 Partfinus
1438 2636 1680 2755 1014018.
1706 2648 1708 2650 ’

327 2789 529 2898 Quantitas
530 2812 597 2868 um
616 2785 755 2870 harum
774 2785 951 2871 omnium
971 2779 1119 2868 summa
1434 2798 1680 2897 9118337.

326 2922 460 3007 Divisa
479 2947 552 3032 per
568 2923 786 3008 earundem
803 2945 1009 3006 numerum
1032 2946 1058 3030 9
1087 2920 1154 3013 dat
1173 2919 1345 3009 medium
1434 2926 1678 3028 1014160.

328 3057 570 3170 Quodfiex
584 3042 645 3143 his
661 3058 938 3171 quantitatibus
955 3056 1179 3144 auferantur
1199 3060 1369 3143 maxima
1432 3083 1677 3170 1014799.
1774 3092 1779 3153 r

1130 3194 1358 3280 Etminima
1434 3219 1676 3306 1013717.

302 3383 304 3388 ·
326 3330 426 3442 Quae
442 3336 595 3450 longius
615 3333 785 3438 abeunt,
819 3332 859 3417 dr
883 3329 1036 3444 reipsa
1027 3327 1128 3418 mter
1145 3332 1367 3417 combinan-

395 3470 489 3555 dum
517 3474 660 3617 aliquid
684 3470 900 3584 suspicionis
927 3467 1097 3576 habent,
1122 3468 1362 3555 resrduarum

205 3715 208 3719 ἦ
393 3606 617 3692 summa
952 3664 956 3677 ,
1430 3633 1674 3720 7099911.

323 3741 479 3828 Divisa
476 3773 551 3857 per
569 3747 785 3832 earundem
803 3771 1009 3832 numerum
1033 3772 1087 3858 7,
1121 3726 1189 3832 dat
1206 3745 1380 3832 medium
1428 3771 1672 3856 1014173.

418 3880 497 3966 --Ε11
523 3883 583 3969 his
611 3883 792 3969 omnibus
818 3888 907 3968 esto
933 3883 1056 3969 Ratio
1083 3884 1198 3996 pedis
1222 3883 1337 3971 Sinici
1362 3882 1414 3968 ad
1432 3882 1665 3992 Parmam,
1700 3902 1743 3972 ut
1852 3880 1858 3889 ’

262 4039 489 4100 1000000
511 4020 562 4103 ad
586 4022 815 4129 1014169
834 4039 946 4102 certa
962 4023 1058 4104 intra
1082 4048 1289 4106 100000.

428 4156 473 4242 Ρ.
485 4154 698 4241 Slavizeck
712 4157 803 4239 olim
819 4154 972 4240 fecerat
991 4158 1091 4242 hanc
1107 4161 1298 4243 rationem
1318 4176 1361 4243 ut
1379 4185 1505 4246 2000
1529 4160 1578 4245 ad
1600 4183 1743 4271 1019.

429 4292 560 4378 Porro
579 4292 793 4378 mensuram
819 4313 841 4401 5
863 4277 1177 4404 pedumsvocaut
1196 4295 1296 4381 Siuae
1306 4298 1377 4382 Pu.
1395 4292 1564 4406 pallum,
1581 4299 1620 4381 ἃ
1636 4321 1742 4382 meu·

254 4429 380 4514 suram
412 4456 469 4512 10
500 4430 676 4542 pedum,
705 4431 996 4542 decempedam
1017 4450 1168 4518 vocant
1191 4430 1307 4516 Clam
1333 4434 1415 4518 five
1438 4433 1475 4517 T
1472 4438 1606 4534 cluam·
1645 4436 1740 4542 360
1831 4538 1836 4547 ¹

254 4565 403 4678 pasius,
438 4566 523 4652 five
551 4583 643 4667 180
665 4569 924 4680 decempedae
939 4568 1085 4656 faciunt
1106 4596 1225 4656 unum
1240 4570 1441 4676 Stadium,
1468 4571 1578 4685 quod
1595 4585 1744 4657 vocant

257 4702 333 4806 Le·
369 4705 480 4815 quod
497 4721 631 4790 autem
652 4706 806 4810 dicum,
835 4708 927 4790 olim
948 4711 1009 4790 uni
1026 4709 1159 4824 gradui
1177 4711 1350 4795 terrestri
1365 4713 1541 4796 maximo
1559 4708 1745 4795 attributa

239 4841 365 4927 *fuisse
390 4864 483 4951 250
504 4842 660 4948 Stadia,
675 4847 783 4954 quod
803 4858 887 4928 tum
906 4869 979 4954 pes
996 4849 1121 4931 minor
1139 4843 1235 4931 esset
1249 4872 1265 4950 3
1279 4843 1488 4932 secundum
1507 4846 1745 4933 hodiernum

254 4999 389 5064 autem
409 4980 565 5090 pedem
579 4981 693 5066 tribui
713 4979 869 5066 debere
895 5005 1007 5085 100,
1032 5010 1113 5067 non
1138 4982 1204 5068 fibi
1231 4985 1411 5070 constant.
1480 4984 1592 5070 Nam
1618 4992 1744 5098 posita

254 5115 429 5202 mensura
454 5118 564 5203 unius
593 5120 735 5234 gradus
759 5117 970 5204 Meridiani
992 5123 1029 5204 in
1054 5120 1135 5206 hoe
1159 5121 1350 5233 parallelo
1376 5122 1464 5228 4οο
1489 5148 1546 5207 ex
1571 5122 1743 5214 Tabella

254 5254 463 5341 Newtoui
488 5256 1276 5368 569451111111111]Ρᾶῐί111111,
1311 5263 1350 5345 δι
1375 5261 1481 5370 pede
1506 5261 1677 5350 Parifino
1699 5278 1742 5350 ut

254 5389 364 5505 supra
400 5395 942 5502 101416901111111111110
970 5395 1091 5508 gradu
1126 5392 1259 5481 Stadia
1289 5395 1414 5482 Sinica
1446 5423 1537 5508 191
1573 5422 1620 5485 -1-
1641 5393 1741 5523 ξ-ζξ.

252 5529 297 5613 Ρ.
315 5529 515 5613 Antonius
542 5529 723 5617 Thomas
748 5533 843 5616 olim
868 5533 1023 5616 mensus
1047 5534 1097 5617 in·
1112 5531 1187 5620 hac
1204 5532 1369 5621 Planitie
1396 5533 1603 5624 Pekinenfi
1622 5561 1739 5620 unum

252 5666 443 5781 gradum,
465 5663 597 5752 tribuit
615 5669 667 5757 illi
686 5667 817 5757 Stadia
839 5666 965 5756 Sinica
990 5686 1141 5781 1934,
1173 5671 1258 5759 save
1279 5697 1303 5782 3
1313 5696 1337 5781 5
1350 5699 1368 5758 1
1381 5672 1738 5785 godecempedas.

970 5805 1050 5893 Zz
1089 5834 1114 5898 2
