4242 7292
761 1335 855 1465 Du
901 1334 1399 1423 Maronem.
1736 1346 1874 1447 325-

475 1633 662 1789 DE
717 1622 1692 1809 MlCROMETRO.

330 1903 547 2111 Scilicet
564 1930 646 2039 quo
663 1919 777 2009 faciae
804 1918 891 2009 sunt
906 1918 1222 2011 Observationes
1247 1919 1424 2007 secundae
1449 1924 1601 2034 partis,
1635 1920 1716 2006 hoc
1736 1936 1828 2008 ante

448 2068 600 2177 aliquot
615 2088 740 2149 annos
756 2059 872 2148 nobis
893 2060 1064 2149 obvenit
1081 2062 1187 2147 dono
1211 2060 1264 2147 R
1293 2062 1337 2147 P.
1354 2061 1516 2173 Joannis
1535 2059 1826 2175 Baptistaessar·

189 2304 192 2309 Ι
329 2201 433 2290 bone
452 2230 489 2315 p.
513 2229 566 2289 m.
638 2192 755 2314 Opus
772 2202 830 2287 est
852 2202 1095 2333 (logicum,
1129 2201 1308 2285 Artificis
1333 2199 1389 2285 D.
1409 2196 1440 2285 L
1467 2197 1609 2286 Siffons
1636 2200 1823 2316 elegans,

327 2339 515 2447 solidum,
541 2339 856 2426 commodum&
875 2354 1123 2444 accuratum,
1157 2341 1303 2425 constat
1321 2336 1473 2423 duabus
1499 2339 1646 2423 laminis
1668 2339 1822 2450 cupreis

325 2481 377 2565 ita
403 2482 506 2565 inter
529 2478 573 2566 se
598 2478 838 2582 commistis,
872 2493 918 2562 ut
944 2478 1068 2565 altera
1087 2478 1208 2586 juxta
1238 2478 1403 2563 alteram
1430 2477 1635 2562 immotam
1662 2478 1823 2562 moveri

325 2618 467 2728 poffit,
500 2616 638 2702 harum
664 2642 740 2702 una
765 2614 867 2699 tubo
890 2640 1045 2727 cupreo
1064 2614 1269 2733 adfigitur,
1304 2618 1369 2725 qui
1388 2638 1511 2725 porro
1530 2614 1631 2701 tubo
1648 2612 1818 2701 telesco·

324 2758 374 2866 pii
392 2756 635 2860 immittitur,
667 2756 707 2840 ot
734 2755 773 2836 in
800 2779 854 2839 eo
877 2756 1012 2869 gyrari
1040 2757 1183 2865 potest.
1255 2756 1402 2839 Altera
1430 2753 1568 2837 lamina
1594 2752 1727 2840 defert
1753 2752 1818 2836 fila

323 2909 513 3007 argentea
533 2918 652 2976 unum
670 2891 864 2976 horarium
881 2891 924 3013 f&
943 2892 1025 2975 duo
1042 2892 1251 3004 parallela,
1283 2889 1410 2975 fixum
1430 2888 1622 2997 alterum,
1650 2892 1816 2977 alterum
1864 2914 1866 2917 ’

323 3026 497 3133 mobile,
532 3016 663 3117 defert
681 3032 778 3115 item
796 3029 893 3115 duas
909 3026 1120 3135 cochleas,
1154 3054 1269 3115 unam
1286 3030 1511 3141 parallelum
1529 3027 1715 3134 horario,
1740 3056 1817 3141 qua

323 3166 388 3251 fila
403 3169 588 3279 parallela
605 3171 706 3255 inter
728 3164 773 3254 se
796 3168 1092 3274 admoventur,
1127 3170 1167 3253 δι
1190 3182 1475 3271 removentur,
1509 3168 1672 3255 alteram
1698 3168 1813 3254 hora·

323 3308 384 3391 rio
402 3306 793 3418 perpendicularem,
827 3304 1011 3393 infinitam
1026 3325 1071 3394 ut
1088 3333 1323 3411 vocamus,
1343 3332 1418 3417 qua
1444 3304 1528 3389 haec
1545 3308 1681 3393 lamina
1697 3308 1814 3416 juxta

322 3444 487 3529 alteram
504 3448 751 3531 convertitur
765 3445 867 3528 circa
883 3460 1091 3550 centrum,
1126 3445 1238 3558 quod
1263 3446 1376 3531 estin
1398 3441 1570 3557 puncto,
1606 3474 1685 3559 quo
1705 3445 1813 3532 filum

290 3602 294 3625 ¹
320 3580 576 3669 horarium&
599 3580 980 3694 parallelumfixum
1004 3579 1047 3671 se
1065 3600 1205 3671 mutuo
1229 3581 1384 3688 secant,
1417 3581 1521 3672 felici
1548 3585 1738 3690 invent0,
1773 3587 1812 3675 δι

319 3721 488 3835 egregio
512 3722 688 3808 artificio.

494 3859 802 3971 Comparatutus
827 3860 932 3944 enirn
950 3861 1130 3973 exempli
1144 3852 1257 3948 caussn
1273 3862 1478 3954 Plane'tam
1503 3876 1569 3949 aut
1598 3862 1810 3947 Cometam

321 4022 410 4079 cum
436 3997 547 4081 stella
571 3997 681 4100 fixa,
713 3995 781 4082 ubi
809 3998 1105 4083 micrometrum
1135 4000 1188 4083 ita
1214 4002 1461 4087 constitutum
1485 4001 1638 4105 fuerit,
1678 4013 1723 4083 ut
1745 3997 1808 4083 fila

319 4134 505 4243 parallela
528 4133 624 4238 imt,
657 4136 755 4219 item
780 4156 908 4245 prope
925 4134 1111 4247 parallela
1128 4141 1343 4249 aequatori3
1378 4157 1462 4223 tum
1482 4137 1668 4253 punctum
1689 4138 1806 4222 inter·

318 4269 519 4375 seclionis,
554 4270 640 4357 srve
661 4285 842 4357 centrum
866 4272 984 4358 stellae
1018 4272 1225 4361 admotum
1249 4278 1331 4383 irc,
1365 4293 1409 4363 ut
1430 4276 1514 4365 haec
1544 4281 1584 4364 in
1603 4272 1697 4362 illud
1717 4276 1806 4359 inci·

315 4412 381 4496 dat
409 4406 460 4493 ab
484 4426 659 4522 utroque
686 4408 758 4495 filo
784 4399 1012 4497 horario&
1041 4415 1232 4524 parallelo
1252 4414 1341 4501 fixo
1367 4414 1544 4521 billecla,
1579 4431 1644 4501 aut
1670 4340 1836 4516 certost

314 4547 426 4659 quod
445 4546 617 4653 facilius,
652 4548 826 4661 paullum
843 4551 941 4634 citra
957 4569 1137 4636 centrum
1158 4550 1367 4640 bissecetur
1382 4584 1404 4641 a
1420 4556 1609 4667 parallelo
1627 4551 1740 4654 fixo,
1766 4553 1806 4635 δι
1829 4492 1834 4668 Ι

312 4688 365 4770 ita
381 4682 539 4772 bilicem
557 4685 725 4773 transeat
744 4704 924 4772 centrum
950 4689 990 4772 δι
1015 4690 1214 4774 horarium
1237 4692 1436 4808 progressa
1465 4693 1571 4781 stella
1593 4691 1692 4787 ultra
1711 4715 1802 4775 cen-

292 4841 443 4947 trum,
460 4826 563 4934 quasr
582 4826 794 4911 intervallo
812 4827 923 4911 unius
945 4828 1080 4910 minuti
1104 4825 1270 4934 horarii,
1305 4831 1332 4917 fi
1357 4861 1380 4918 a
1402 4832 1470 4918 filo
1494 4831 1582 4916 fixo
1612 4844 1802 4932 exerret‚

310 4963 421 5073 quod
441 4965 680 5075 plerumque
698 4963 767 5066 fit,
782 4964 866 5048 levi
881 4966 1144 5052 conversione
1167 4967 1341 5055 cochleae
1357 4969 1533 5076 infinitae,
1567 4967 1677 5053 iilum
1693 4965 1800 5052 smol
1825 5012 1830 5149 ι

308 5102 357 5184 a'd
377 5101 524 5187 stellam
544 5088 886 5205 reducitur,s1mul
904 5105 1133 5215 parallelum
1151 5112 1340 5216 aeq'uatori
1358 5112 1630 5212 constituitur,
1657 5131 1799 5222 magno
1825 5158 1829 5193 l

308 5236 396 5327 sane
421 5240 703 5328 Observatoris
725 5243 965 5354 commodo,
1000 5246 1193 5357 temporis
1220 5247 1259 5332 δι
1285 5246 1585 5336 Observationis
1608 5270 1795 5355 compen·

309 5378 400 5485 dio,
434 5396 479 5463 ut
503 5384 573 5465 alia
597 5380 808 5467 commoda
831 5400 1074 5492 praeteream.
1691 5360 1693 5367 ,

478 5516 618 5605 Unum
645 5536 777 5615 tamen
804 5520 893 5626 est,
930 5522 1041 5634 quod
1069 5521 1117 5608 ad
1136 5526 1258 5637 majus
1275 5525 1533 5613 commodum
1550 5526 1589 5609 nr
1606 5546 1796 5632 compen·

304 5651 410 5739 dium
431 5652 521 5740 huic
547 5661 805 5747 micrometro
831 5662 1029 5747 interdurn
1056 5680 1170 5775 opto,
1244 5666 1370 5779 Juxta
1387 5665 1495 5751 filum
1515 5662 1711 5747 horarium
1730 5658 1795 5743 fin·

1042 5800 1167 5911 Ss3
