4242 7292
311 1411 375 1497 34
909 1386 1257 1475 Ecmsns
1401 1364 1405 1371 ¹

442 1708 637 1794 Centrum
656 1711 879 1817 apparentis
904 1704 995 1790 disci
1021 1707 1143 1792 Lunae
1170 1709 1360 1818 proxime
1382 1730 1469 1796 erat
1485 1714 1522 1798 in
1541 1710 1809 1801 decussatione
1937 1824 1943 1836 Ι

304 1842 501 1929 redarum
529 1845 617 1930 hinc
644 1870 719 1956 per
746 1844 997 1957 Tychonem
1024 1844 1065 1928 dt
1091 1845 1416 1955 Archimedem,
1458 1850 1551 1936 inde
1575 1877 1650 1963 per
1674 1851 1808 1938 Land·.

302 1979 486 2098 spergum
512 1983 551 2065 &
576 1982 815 2069 Ariadaeum.

327 2212 335 2219 ,
440 2120 554 2203 Luna
572 2124 712 2206 eratin
735 2123 806 2205 1⁶¹⁰
829 2121 1051 2211 Anomuiiae
1070 2117 1309 2234 quadrante,
1342 2120 1430 2238 sign
1452 2125 1511 2234 εξ
1540 2126 1579 2212 dt
1598 2127 1635 2210 in
1653 2125 1809 2215 acceffu

302 2256 354 2343 ad
379 2255 551 2344 Nodum
581 2257 759 2346 boreum.

512 2507 707 2642 Eelipfis
721 2515 868 2615 Lunae
894 2510 1047 2613 totalis
1066 2504 1109 2606 d.
1136 2529 1166 2610 2
1189 2507 1409 2610 Decenb.
1441 2535 1536 2638 173
1549 2535 1592 2612 2.

815 2720 1060 2826 Jung-cning.
1083 2743 1113 2795 a.
1135 2718 1297 2795 101.10.

440 2947 603 3035 Ventus
623 2945 792 3037 furiosus
811 2977 858 3037 ac
877 2951 1149 3051 turbulentus,
1183 2949 1409 3057 coelumque
1429 2945 1661 3059 pulveribus
1680 2946 1719 3033 dt
1735 2974 1804 3035 nu·

302 3083 415 3172 bibus
442 3090 653 3199 oppletum
681 3114 762 3175 non
788 3087 1046 3200 permiserunt
1070 3089 1108 3170 in
1134 3083 1413 3171 observatorio
1441 3083 1601 3196 publico
1618 3083 1804 3199 Eclipsun

300 3221 400 3308 hanc
431 3223 606 3334 spedari.
684 3223 732 3310 In
762 3228 950 3341 Collegio
978 3241 1109 3310 autem
1136 3223 1269 3310 nostro
1297 3219 1498 3333 sequentia
1525 3225 1728 3312 annotavit
1756 3224 1803 3312 P.

300 3362 389 3445 Car.
407 3358 623 3448 Slaviczek
641 3365 729 3476 post
744 3365 916 3451 mediam
936 3360 1108 3449 rodem.
1297 3474 1300 3481 Ι

374 3648 499 3759 Tcmp.
530 3673 609 3737 ver.

305 3888 352 4011 3*
403 3930 438 4011 4
444 3890 485 4014 ς’
579 3892 633 3987 0¹¹
679 3901 833 3989 Initium
851 3899 1015 4015 Eclipfis
1037 3896 1166 3988 libero
1186 3898 1308 3987 oculo
1326 3902 1556 3989 aestimatum.

298 4064 334 4146 4
408 4067 468 4152 29
578 4068 605 4124 0
678 4039 835 4127 Umbra
860 4041 910 4125 ad
934 4039 1245 4125 Censorinum&
1266 4062 1292 4144 9
1313 4039 1388 4155 dig.
1407 4039 1558 4152 Europ.

299 4198 334 4281 4
408 4202 469 4289 37
576 4206 604 4261 0
676 4176 836 4264 Umbra
855 4176 903 4262 ad
922 4177 1167 4263 Proclum&
1190 4181 1281 4276 10}
1309 4176 1386 4293 dig.
1403 4175 1556 4289 Europ.

298 4337 334 4419 4
404 4339 474 4424 44
548 4347 606 4431 30
679 4315 884 4403 Immersro
903 4316 1047 4401 totalis.

438 4590 486 4677 In
511 4593 637 4679 domo
657 4592 735 4679 ΡΡ.
757 4520 964 4677 Gallorum
989 4587 1190 4702 sequentia
1213 4584 1473 4699 observarunt
1496 4585 1575 4678 ΡΡ.
1596 4581 1740 4676 Gaubil
1758 4589 1798 4678 dt

297 4728 335 4813 la
361 4728 542 4819 Charme.

303 4986 351 5114 3¹·
401 4997 482 5115 44‘
545 4992 632 5120 μί’
677 5000 833 5091 Inuum
860 4999 1039 5091 accurre
1064 5003 1300 5088 aenrmarunt

302 5171 325 5254 3
401 5168 468 5256 49
546 5172 603 5256 33
678 5142 915 5230 Obscuratio
934 5141 1038 5254 quafi
1055 5145 1165 5225 unius
1184 5140 1292 5253 digiti
1312 5135 1508 5249 Europaei

158 5259 167 5277 Ἃ
295 5306 331 5388 4
405 5309 461 5393 31
536 5311 597 5395 41
674 5281 909 5370 Obscuratio
929 5282 1006 5395 dig.
1038 5305 1065 5389 9
1095 5264 1176 5386 43¹
1211 5275 1365 5387 Europ.

295 5445 331 5531 4
404 5422 464 5528 36
545 5443 603 5530 17
675 5420 834 5507 Umbra
850 5417 899 5504 ad
918 5442 1029 5503 mare
1049 5416 1209 5500 crifium.

295 5583 331 5665 4
405 5584 466 5669 39
538 5586 606 5670 49
677 5557 965 5645 Totummare
985 5555 1134 5641 crisrum
1153 5550 1356 5641 inumbra.

123 5780 127 5793 .
296 5719 332 5801 4
400 5717 469 5804 44
544 5710 601 5811 58
674 5686 879 5783 Immersro
902 5694 1045 5781 totuis.
