4242 7292
276 1320 403 1455 lgna
769 1351 860 1437 Du
912 1351 1340 1439 Honouoero.

258 1531 261 1538 “
309 1523 1806 1563 ww

248 1749 260 1770 „
306 1663 438 1752 obiter
463 1666 500 1749 in
524 1662 677 1751 schedis
703 1679 845 1749 notatae
861 1667 1024 1777 perditae
1040 1665 1135 1750 sunt.
1154 1663 1298 1752 Mense
1310 1660 1533 1757 Februario
1560 1678 1683 1777 1748
1709 1694 1796 1755 eas·

306 1802 402 1889 dem
418 1802 612 1907 servare,
645 1804 684 1886 du
700 1805 737 1886 in
760 1803 978 1889 adversaria
993 1804 1150 1891 referre
1167 1808 1366 1917 coepimus.

478 1940 624 2039 Mense
646 1940 755 2052 Julio
781 1956 905 2051 1748
936 1940 1106 2029 obvenit
1127 1940 1219 2026 milri
1237 1968 1390 2028 novum
1410 1940 1696 2057 horologium,
1729 1970 1792 2031 re·

306 2106 403 2167 cens
412 2078 560 2165 Parisiis
581 2080 763 2183 allatum,
799 2104 901 2191 opus
921 2078 976 2163 D.
995 2078 1197 2183 Perache,
1214 2079 1328 2165 bonae
1345 2096 1472 2181 notae,
1494 2082 1656 2195 elegans
1674 2082 1714 2167 dt
1730 2110 1794 2169 ac·
1817 2052 1823 2127 Ι

306 2235 516 2321 curatum,
534 2221 645 2304 nullis
670 2217 961 2302 alterationibus
980 2217 1228 2322 obnoxium,
1250 2234 1511 2329 praeterquam
1529 2242 1653 2329 quaea
1673 2218 1793 2339 stigo·

307 2382 355 2442 re
380 2360 420 2443 dt
445 2359 612 2463 calore3
647 2355 706 2441 hae
732 2370 867 2440 autem
882 2354 968 2467 ipsae
984 2356 1219 2468 frequenter
1237 2358 1469 2441 examinatae
1485 2382 1558 2467 per
1574 2358 1795 2445 altitudines

307 2491 688 2606 correspondentes3
724 2492 1034 2609 (indiligentius,
1069 2492 1135 2581 ubi
1154 2490 1396 2579 Observatio
1423 2495 1575 2601 majoris
1601 2499 1795 2583 momenti

241 2702 244 2707 .
304 2635 533 2717 immineret.
576 2632 674 2717 Hoc
693 2631 911 2749 horologio
928 2634 1136 2717 constituta
1155 2628 1238 2715 sunt
1258 2648 1440 2743 tempora
1458 2629 1794 2719 Observationum

305 2774 424 2883 partis
442 2771 619 2857 secundae
638 2772 750 2881 hujus
769 2772 911 2882 operis.
981 2770 1093 2855 Dum
1114 2768 1196 2854 haec
1223 2767 1375 2872 scrib0,
1408 2766 1568 2853 fabrefit
1591 2770 1793 2877 machina,

242 2936 246 2943 ·
305 2908 483 2994 addenda
500 2910 590 2993 huic
608 2904 856 3025 horologio,
889 2934 975 3019 quae
1002 2909 1098 2993 illud
1124 2910 1174 2991 ab
1196 2904 1487 2993 alterationibus
1506 2910 1623 2993 etiam
1651 2908 1794 2995 caloris

305 3047 516 3163 &frigoris
543 3044 761 3151 defendat,
794 3046 940 3157 placuit
964 3062 1097 3131 autem
1126 3049 1229 3130 inter
1253 3046 1370 3148 alias,
1405 3068 1523 3157 quam
1547 3042 1603 3129 D.
1633 3044 1791 3159 Depar·

304 3189 426 3270 cieux
449 3187 636 3288 invenit,
679 3184 753 3269 hac
784 3182 906 3271 solum
933 3181 1151 3269 differentia
1184 3188 1242 3267 &-
1260 3182 1534 3293 compendio‚
1578 3183 1690 3294 quod
1718 3210 1794 3295 pro

304 3322 455 3407 duabus
471 3326 654 3434 utrinque
671 3323 818 3439 regulis
834 3322 975 3407 ferreis
1004 3324 1044 3407 dt
1072 3324 1227 3434 cupreis
1253 3346 1328 3404 una
1354 3320 1480 3407 solum
1503 3318 1636 3405 ferrea
1660 3322 1700 3405 dt
1726 3348 1793 3407 cu·

304 3486 400 3571 prea
424 3463 462 3544 in
482 3460 617 3545 medio
642 3489 665 3545 a
684 3474 801 3575 tergo
819 3458 1015 3574 horologii
1039 3461 1302 3545 constituatur.
1375 3461 1505 3569 Atqui
1526 3483 1644 3543 unum
1670 3458 1792 3543 horo·

306 3600 479 3712 logium,
513 3624 612 3683 unus
629 3599 791 3683 dentum
809 3602 869 3683 est
887 3598 1020 3703 testis3
1055 3598 1302 3683 constitutum
1331 3621 1431 3712 ergo
1447 3594 1594 3681 Parifiis
1611 3598 1791 3681 alterum.

307 3734 558 3821 Eleclionem
575 3738 950 3823 commendaveram
967 3736 1113 3845 peritiae
1136 3734 1415 3819 &humanitati
1431 3734 1567 3845 optimi
1585 3735 1624 3818 oz
1643 3734 1792 3819 clarim-

307 3875 361 3959 mi
386 3874 461 3957 viri
490 3871 653 3959 Domini
681 3862 839 3959 Nicdlai
864 3873 936 3959 De
962 3866 1098 3980 l’Isle3
1132 3876 1164 3957 is
1191 3898 1297 3957 vero
1324 3887 1429 3979 tanta
1457 3874 1574 3956 etiarn
1597 3870 1791 3987 diligentia

307 4037 393 4097 rem
414 4014 592 4114 curavit,
625 4028 670 4095 ut
693 4009 764 4095 sub
792 4008 911 4095 finem
940 4013 1025 4095 anni
1057 4034 1205 4121 1752,
1245 4034 1336 4095 cunt
1364 4008 1551 4095 Macaum
1578 4006 1793 4112 venissem,

309 4166 554 4260 excepturus
578 4150 776 4265 Legatum
797 4148 1026 4253 Lusitaniae,
1057 4153 1174 4234 etiam
1194 4148 1445 4262 horologium
1464 4144 1611 4231 ibidem
1628 4144 1790 4232 invenis-

307 4284 414 4389 sem,
430 4286 540 4397 quod
555 4285 698 4371 eadem
720 4284 1380 4391 occafionePekinumdetuli;non
1398 4287 1502 4368 licuit
1517 4282 1556 4367 id
1577 4302 1709 4369 autem
1722 4285 1790 4367 mi·

249 4440 270 4462 ²
301 4424 348 4507 hi
369 4423 418 4508 ad
436 4421 543 4505 usum
563 4424 918 4537 componere,'nilr
937 4428 1144 4536 postquam
1161 4424 1359 4539 Legatum
1375 4420 1510 4507 Macai
1528 4418 1793 4524 restituissem,

309 4559 504 4647 Pekinum
527 4564 673 4649 reduci.
735 4562 850 4674 Opus
885 4561 1045 4664 idest,
1080 4560 1328 4646 celeberrimi
1362 4558 1542 4644 Artificis
1579 4557 1793 4645 Parisrenfis

309 4700 363 4783 D.
373 4698 518 4810 'Juliani
541 4700 582 4785 le
603 4700 731 4812 Roy,
766 4700 918 4784 inferne
937 4700 1070 4783 fulcris
1097 4700 1238 4785 ferreis
1266 4697 1315 4782 ad
1344 4696 1592 4801 firmitatem,
1625 4694 1795 4808 superne

308 4835 409 4921 tubo
430 4862 582 4950 cupreo
607 4864 696 4923 cum
720 4833 876 4921 immissa
895 4842 1007 4952 virga
1032 4838 1167 4922 ferrea
1185 4830 1432 4938 instructum,
1467 4859 1578 4920 novo
1604 4832 1794 4939 artificio,

308 4990 446 5059 contra
463 4978 697 5061 mutationes
716 4976 873 5090 srigoris
890 4976 929 5057 du
946 4978 1087 5059 caloris
1102 5001 1118 5081 3
1154 4974 1204 5057 de
1225 4976 1359 5087 organi
1376 4974 1569 5087 elegantia
1587 5034 1602 5074 ,
1637 4998 1793 5057 accura-

308 5117 441 5216 tione,
476 5110 660 5199 firmitate
686 5116 724 5199 &
750 5112 959 5198 constantia
989 5112 1125 5197 dicere
1151 5111 1241 5195 nihil
1273 5112 1422 5197 atfinet.
1494 5110 1694 5227 Quantum
1719 5136 1794 5195 ex·

307 5252 424 5361 periri
443 5248 571 5334 adhuc
587 5254 723 5354 licuit,
757 5251 881 5337 nullas
907 5276 930 5332 a
954 5249 1105 5367 frigore
1137 5249 1177 5334 dt
1204 5250 1341 5334 calore
1362 5248 1608 5337 alterationes
1625 5246 1793 5333 animad-

307 5390 526 5491 vertimus,
559 5415 692 5500 neque
712 5392 814 5476 alias.

479 5524 666 5637 Sequitur
689 5527 752 5614 hic
783 5524 1015 5638 specimen,
1049 5524 1161 5637 quod
1193 5524 1303 5640 supra
1331 5525 1515 5639 promisi,
1550 5524 1793 5612 altitudinum

306 5658 690 5775 correspondentium
717 5688 871 5779 1751,
903 5692 960 5775 19
981 5662 1099 5775 Maji:
