4242 7292
731 1396 936 1485 Soura
975 1391 1303 1479 neLuum.
1702 1416 1764 1496 ,μ

263 1559 1774 1623 m

340 1719 466 1831 Temp
492 1740 572 1803 uer

267 1977 317 2125 7¹¹
374 2018 473 2108 50
544 1980 588 2079 o‘
591 1978 721 2078 'Sol
740 2014 768 2076 e
787 1985 896 2074 nube
922 1984 1109 2100 prodiens
1139 1986 1368 2074 monstrauit
1390 1978 1572 2097 Eclipfim
1595 1981 1669 2102 dig.
1705 1983 1773 2070 VI

200 2123 203 2128 ¹
268 2158 295 2246 7
373 2147 431 2247 58
544 2160 571 2218 0
645 2125 808 2239 Eclipsrs
830 2128 1051 2240 digitorum
1190 2173 1251 2192 -
1330 2170 1390 2189 -
1469 2170 1531 2189 -
1599 2166 1668 2185 -
1707 2124 1752 2204 V

267 2285 294 2371 8
407 2272 434 2357 6
546 2298 573 2353 o
646 2264 808 2378 Eciipsm
836 2266 1056 2382 digitorum
1187 2306 1258 2327 --
1325 2306 1396 2324 --
1465 2308 1532 2328 -.
1603 2306 1671 2324 ....
1706 2257 1772 2346 [V

269 2422 295 2511 ⁸
378 2434 458 2518 13·
515 2432 574 2521 30
648 2440 1670 2469 --------
1704 2396 1773 2484 ΙΙΙ

268 2558 296 2647 8
375 2570 431 2636 21
544 2573 573 2628 0
644 2540 714 2608 -’-
766 2584 838 2602 ·-
904 2537 980 2603 -'
1043 2581 1672 2606 -----
1706 2533 1751 2622 11

268 2671 1729 2793 amu——-a---4

268 2835 316 2920 8·
375 2822 434 2932 36
544 2847 572 2929 ο
645 2814 752 2906 Finis
769 2816 934 2928 Eclipsrs
952 2816 1157 2901 clariiirme
1176 2813 1291 2900 visus.
1325 2859 1396 2873 —-
1462 2858 1534 2874 -
1603 2861 1672 2880 -
1706 2811 1750 2899 0

403 2957 618 3047 Momenta
644 2961 837 3069 temporis
866 2952 1072 3066 desumpta
1088 2951 1172 3037 sunt
1190 2977 1248 3039 ex
1268 2953 1438 3038 Armilla
1466 2975 1567 3062 aeqv.

520 3204 715 3342 Eclipsrs
734 3172 883 3310 'Lunae
902 3203 1059 3308 totalis
1082 3202 1129 3309 d.
1161 3220 1189 3320 8
1217 3207 1330 3339 Junii
1360 3234 1517 3336 1732·

779 3393 894 3497 Jung.
909 3392 1033 3489 ching.
1055 3415 1086 3468 a
1108 3414 1155 3471 10
1177 3391 1201 3468 l.
1220 3411 1255 3492 5.

924 3578 1115 3695 Vespere.

403 3784 576 3895 Nubes,
594 3812 681 3901 quae
698 3805 786 3878 tota
803 3794 868 3881 die
884 3796 1077 3905 majorem
1094 3795 1183 3881 coeli
1207 3803 1363 3906 partem
1390 3785 1666 3891 obtinuerant,
1696 3806 1770 3871 ve·

263 3923 365 4039 speri
399 3927 571 4039 undique
594 3926 853 4042 disparuere,
885 3948 1148 4045 praeterquam
1181 3932 1233 4017 ad
1252 3946 1384 4015 orttun
1402 3927 1631 4041 hybernum
1649 3921 1771 4035 usque

265 4065 317 4149 ad
342 4065 575 4169 meridiem,
593 4067 660 4152 ubi
677 4071 930 4179 pertinaciter
948 4070 1041 4154 iixae
1066 4070 1264 4157 herebant
1295 4066 1408 4179 supra
1440 4066 1691 4151 horizontem
1720 4061 1771 4146 ad

266 4203 508 4287 altitudinem
542 4227 602 4289 20
633 4231 690 4321 gr.
715 4209 895 4315 circiter,
922 4210 1077 4293 Lunam
1107 4212 1160 4294 ira
1183 4204 1353 4318 aspediui
1379 4207 1614 4317 eripientes,
1650 4216 1694 4286 ut
1718 4198 1772 4285 de

265 4339 514 4425 immersrone
540 4338 734 4456 Ecliptica
764 4342 921 4456 prorsus
950 4346 1040 4431 nihil
1059 4346 1273 4433 obser-vari
1290 4339 1429 4457 poffet.
1500 4339 1641 4428 Solum
1669 4340 1771 4423 circa
1868 4422 1872 4433 ,

265 4476 352 4562 hot.
377 4492 402 4571 8
426 4475 537 4590 vesp.
555 4483 688 4588 paucis
706 4483 862 4568 minutis
888 4498 982 4569 ante
1009 4486 1154 4570 initium
1180 4482 1344 4595 Eciipsrs
1364 4509 1439 4593 per
1464 4477 1665 4609 modicum
1691 4474 1770 4560 hia·

85 4680 97 4703 .
266 4632 351 4699 tum
384 4614 498 4698 nobis
525 4615 575 4699 irc
600 4621 776 4732 apparuit
797 4622 943 4726 Luna,
977 4638 1021 4708 ut
1047 4621 1267 4709 commode
1294 4620 1377 4730 ejus
1406 4620 1598 4702 diameter
1627 4616 1767 4699 micro·

263 4768 396 4836 metro
438 4753 647 4842 mensurari
673 4754 832 4868 puiset,
877 4784 964 4870 quae
989 4777 1074 4846 tum
1104 4780 1191 4847 erat
1222 4745 1297 4863 31‘
1327 4743 1441 4867 45“.
1520 4753 1616 4838 Post
1641 4751 1678 4839 h.
1710 4777 1768 4862 94-

263 4890 383 5000 coepit
408 4889 569 4977 tandem
598 4895 712 4978 Luna
739 4892 851 5005 supra
878 4895 1006 4981 nubes
1030 4898 1192 4983 eludari
1222 4892 1314 4977 rufo
1339 4892 1485 4978 umbrae
1512 4890 1656 4983 colore
1698 4914 1769 5001 pe·

262 5028 363 5112 nitus
384 5025 557 5134 imbuta,
573 5031 624 5117 fic
646 5047 801 5135 tamen,
826 5047 871 5117 ut
900 5033 950 5116 ad
958 5028 1339 5120 Austro-Occasum
1357 5033 1478 5144 paulo
1496 5031 1655 5119 dilutior
1671 5024 1769 5114 effet

263 5164 391 5251 color.
494 5164 580 5254 Sed
614 5186 759 5282 praeter
799 5168 1071 5259 Aristarchum
1107 5198 1189 5259 non
1229 5187 1392 5282 poterat
1432 5173 1504 5255 alia
1539 5168 1690 5255 macula
1733 5169 1770 5252 in

263 5298 469 5389 obscurata
488 5305 611 5393 Lunae
632 5308 735 5393 facie
753 5303 942 5414 discerni,
976 5312 1098 5398 stabat
1116 5328 1201 5397 tum
1221 5310 1333 5396 Luna
1353 5312 1455 5395 inter
1480 5309 1608 5394 stellas
1636 5307 1770 5419 plures

263 5440 474 5527 indextto
501 5439 571 5530 seu
601 5446 857 5533 orientaliore
887 5448 998 5558 pede
1031 5448 1307 5571 serpentarii,
1340 5446 1425 5532 satis
1453 5472 1628 5534 erronee
1658 5469 1766 5528 com·

263 5578 431 5663 muniter
447 5581 651 5692 expreffas
667 5586 705 5668 in
724 5581 863 5669 tabuiis
880 5588 1126 5691 coelestibus,
1159 5588 1216 5669 uti
1233 5586 1316 5694 jam
1346 5587 1441 5670 olim
1459 5587 1661 5670 annotavit
1684 5579 1766 5664 Ke·
1849 5674 1852 5681 ,

262 5713 398 5825 pietus
423 5715 520 5830 Cap.
554 5744 617 5828 14
642 5722 697 5808 de
723 5748 833 5808 noua
861 5722 969 5811 stella
989 5725 1239 5840 Serpeutarii
1312 5723 1499 5811 Omnium
1516 5739 1648 5809 autem
1677 5741 1766 5830 pro·

253 6030 748 6053 Μ.-
754 6043 1102 6055 ...ψ-ᾔ...-
