4242 7292
310 1408 369 1497 50
624 1378 627 1385 ’
893 1385 1236 1477 Ecurpsus

304 1694 497 1828 Eclipsu
516 1700 661 1798 Lunae
686 1697 841 1799 totalis
850 1704 980 1799 ,circa
1008 1694 1202 1801 mediam
1221 1712 1396 1805 noctem
1421 1708 1536 1804 inter
1561 1729 1629 1807 20
1658 1705 1707 1800 &
1735 1729 1797 1807 21

894 1852 996 1984 Julii
1043 1878 1200 1985 1739.

853 1996 1256 2135 ulei..uung.a41.6.

443 2247 556 2340 Nihil
577 2250 735 2366 prorsus
759 2252 903 2340 dehac
930 2253 1074 2367 Eclipfi
1101 2260 1231 2369 potuit
1260 2253 1465 2343 observari
1485 2250 1661 2360 Pekini,
1695 2252 1802 2338 coelo

304 2387 425 2477 dense
445 2390 650 2496 nubilat0,
681 2419 728 2477 ac
748 2392 912 2479 demum
936 2394 1055 2477 etiam
1078 2396 1117 2479 in
1134 2396 1288 2506 pluvias
1314 2392 1454 2479 effuso.

443 2525 574 2616 Sinoae
603 2544 739 2614 autem
764 2533 803 2615 in
826 2528 961 2647 Regia
987 2531 1305 2618 Cochinchinensr
1333 2531 1378 2618 P.
1407 2530 1582 2641 Joannes
1609 2524 1806 2631 Siebert,

302 2691 447 2754 recens
464 2666 543 2751 hoc
572 2691 677 2753 anno
692 2668 784 2753 illuc
810 2666 965 2753 delatus
981 2672 1089 2755 coelo
1105 2670 1252 2755 sereno
1270 2665 1454 2780 Eclipsun
1478 2665 1579 2751 hanc
1598 2666 1805 2783 diligenter

303 2829 439 2891 coram
464 2805 504 2889 dr
529 2829 605 2888 una
631 2829 724 2889 cum
742 2802 868 2921 Rege
893 2802 1152 2912 observavit,
1185 2805 1363 2918 phasrbus
1389 2802 1441 2889 ad
1471 2802 1623 2891 bonum
1642 2803 1803 2893 horolo

301 2944 407 3059 glum
434 2956 668 3029 automaton
693 2942 744 3027 src
770 2943 975 3028 annotatis.

374 3161 498 3273 Tennp.
522 3184 600 3248 uer.
622 3154 776 3275 uespere.

339 3340 387 3468 9&
442 3345 523 3465 41‘
620 3344 674 3466 3‘'
718 3354 874 3441 Initium
902 3349 1194 3440 obscurationis.

308 3521 366 3578 10
445 3516 500 3607 51
612 3517 648 3601 4
714 3487 920 3580 Immersio
937 3491 1078 3578 totalis.

309 3659 363 3716 11
445 3659 507 3743 39
584 3644 643 3728 28
717 3631 949 3742 Principium
975 3630 1215 3718 emersronis

309 3794 367 3855 12
440 3792 507 3877 49
584 3791 646 3878 29
718 3763 825 3855 Finis
846 3762 1020 3879 Eclipsrs.

552 4017 746 4149 Eclipsrs
769 4021 913 4197 Luna?
933 4016 1151 4119 totallsd
1190 4021 1363 4150 14Jan.
1393 4038 1549 4147 1740.
1689 4100 1691 4107 ,

846 4202 949 4278 luen
968 4204 1080 4299 Lung.
1096 4219 1159 4293 ³4
1179 4202 1201 4275 l.
1219 4224 1275 4277 12.

440 4452 598 4543 Coelum
624 4454 806 4544 serenum
840 4458 879 4542 dt
906 4460 1068 4544 omnino
1090 4452 1358 4569 tranquillum,
1375 4476 1450 4538 nec
1468 4444 1590 4535 valde
1618 4438 1798 4559 frigidum

299 4588 458 4705 prorsus
481 4582 606 4701 sauir,
638 4614 683 4680 ut
710 4595 849 4707 phales
876 4597 999 4680 totius
1015 4594 1267 4681 immersronis
1283 4591 1370 4676 saris
1393 4582 1610 4675 commode
1632 4576 1798 4694 spesinri

300 4726 465 4842 pollent
534 4730 695 4819 Umbra
713 4752 801 4821 erat
818 4732 942 4820 valde
958 4737 1091 4851 nigra,
1126 4734 1166 4817 oz
1183 4726 1315 4841 spissa,
1350 4724 1442 4839 quin
1457 4724 1535 4809 ulla
1553 4720 1706 4807 macula
1725 4718 1799 4801 vel

301 4868 468 4954 lucidior
500 4865 650 4980 (secus
676 4898 722 4957 ac
757 4874 850 4958 alias
886 4869 1025 4981 solet)
1060 4870 1148 4982 post
1183 4866 1495 4951 occultationem
1523 4866 1798 4971 transpar'eret.

294 5005 450 5123 Margo
473 5020 607 5092 tamen
625 5010 708 5117 ejus
726 5009 896 5094 nonnihil
923 5009 1117 5121 inaequalis
1136 5030 1212 5091 nec
1236 5004 1344 5091 bene
1358 5000 1550 5087 rotundus
1570 5022 1618 5081 ac
1641 4992 1797 5079 circula·

302 5144 365 5227 ris.
435 5143 529 5229 Post
560 5147 847 5232 immersionem
873 5146 1042 5229 totalem
1069 5147 1106 5229 in
1141 5141 1229 5227 solo
1262 5139 1434 5231 occiduo
1469 5135 1677 5247 margine,
1720 5156 1799 5216 non

302 5283 455 5366 itemin
481 5285 640 5395 reliquo
657 5310 833 5397 corpore
852 5284 974 5369 Lunae
999 5284 1072 5369 lux
1097 5280 1220 5393 spuria
1243 5273 1479 5389 aliquamdiu
1506 5266 1677 5373 refulsit,
1711 5292 1799 5377 quae

303 5436 436 5504 tamen
468 5420 546 5532 ipsa
572 5421 707 5507 sensnm
732 5420 983 5525 hebescens‚
1015 5421 1126 5506 instar
1156 5419 1273 5506 stellae
1297 5410 1496 5500 nebulosae
1515 5408 1723 5520 apparuit,
1755 5430 1802 5488 ac

303 5559 463 5642 tandem
498 5564 653 5670 penitus
684 5562 843 5644 evanuit
880 5557 1007 5642 adhuc
1032 5576 1126 5642 ante
1155 5557 1293 5642 horam
1325 5554 1351 5635 6
1363 5614 1379 5656 ,
1406 5564 1450 5634 ut
1476 5545 1568 5632 nihil
1592 5544 1803 5656 quidquam

305 5697 426 5780 Lunae
441 5693 655 5808 spectabile
672 5711 928 5801 remaneret,
964 5696 1034 5781 etli
1048 5697 1261 5781 viciniores
1288 5692 1404 5777 stellae
1433 5712 1480 5769 ac
1499 5684 1705 5795 proximus
1734 5678 1801 5765 Sa·

1598 5836 1733 5909 turnus
