4242 7292
656 1411 718 1533 :P
788 1438 820 1498 n
895 1437 1039 1498 mm
1112 1434 1245 1498 nn
1316 1436 1444 1495 ιο.

1053 1578 1816 1619 -w

468 1726 612 1827 Certe
639 1724 698 1826 ab
723 1755 1000 1857 organorum
1025 1726 1183 1854 copia,
1229 1738 1308 1822 aut
1334 1674 1649 1823 Observatorii
1673 1751 1812 1853 appa·

312 1901 416 1985 ratu
440 1881 547 1981 nihil
573 1883 660 2000 est,
694 1879 820 2005 quod
845 1880 946 1979 illas
970 1877 1371 2017 commendemus,
1407 1874 1571 2002 quibus
1594 1904 1701 1973 area
1727 1876 1812 1975 do-

138 2082 145 2091 ·
313 2065 412 2138 mus
438 2036 841 2136 Observatorium:
887 2036 1265 2152 Micrometrum,
1282 2027 1567 2148 Pendulum,
1584 2026 1809 2155 quadrans
2011 2130 2021 2147 ,

313 2220 427 2292 unus
467 2188 689 2320 bipedalis
728 2216 833 2286 cum
874 2186 1058 2316 aliquot
1095 2185 1381 2315 Telescopiis
1423 2201 1532 2285 tota.
1562 2181 1810 2315 suppellex

278 2380 281 2385 ·
314 2347 442 2447 Nam
466 2360 582 2472 quae'
596 2348 642 2440 ln
666 2340 998 2442 Observatorio
1024 2344 1180 2469 Regio
1205 2337 1457 2460 machinae,
1482 2356 1534 2438 ut
1559 2339 1650 2439 usui
1674 2343 1811 2438 etiam

314 2495 536 2598 interdum
562 2491 650 2595 elle
675 2495 870 2625 possint,
897 2499 945 2593 dt
969 2494 1031 2595 ad
1055 2494 1254 2594 nostram
1278 2522 1466 2620 quoque
1489 2520 1647 2593 curam·
1670 2498 1809 2625 perti
1873 2546 1886 2598 ·,

315 2667 473 2774 neunt,
504 2648 684 2779 longius
709 2647 889 2767 absunt,
927 2653 973 2746 &
998 2648 1217 2751 machinae
1242 2646 1426 2748 demum
1451 2648 1574 2767 sunt,
1599 2677 1690 2746 non
1715 2666 1808 2746 tam

314 2804 373 2906 ad
397 2809 733 2906 accurationem
758 2796 993 2903 hodiernae
1016 2803 1360 2927 Astronomiae‚
1382 2834 1386 2845 ’
1410 2831 1546 2930 quam
1571 2799 1630 2902 ad
1657 2801 1806 2929 Maie-

313 2959 483 3062 statem.
1331 2957 1335 2964 ’
1367 2994 1370 3027 ³
1408 2986 1427 3043 .·
1625 3035 1627 3039 -

278 3104 281 3109 ’
470 3112 521 3214 ln
563 3110 675 3212 duas
717 3130 872 3244 partes
915 3108 1311 3215 Observationum¹
1338 3107 1803 3233 seriem'dividimus:

314 3266 451 3369 Prior
482 3265 795 3396 complecitur
829 3296 936 3388 eas,
972 3294 1085 3394 quas
1120 3267 1177 3369 ab
1211 3295 1331 3368 anno
1375 3264 1617 3395 1717ad
1641 3293 1804 3365 annum

324 3423 461 3550 1746
486 3450 492 3461 ’
514 3418 622 3522 fecit
674 3423 726 3522 Ρ.
772 3422 1028 3523 lonnrrus
1067 3424 1287 3523 troezen
1311 3474 1319 3511 .·
1345 3416 1597 3527 antecellor
1638 3424 1768 3518 meus
1791 3454 1805 3544 ;

295 3574 545 3678 'Posterior
569 3592 705 3673 meas.
723 3602 733 3657 ·.
764 3572 999 3678 Utebatu'r
1021 3568 1060 3674 is
1084 3575 1293 3676 Pendulo
1320 3578 1367 3672 di
1393 3575 1705 3673 Micrometro
1730 3574 1805 3675 hic

312 3729 405 3828 loci
432 3724 701 3849 dabreiamin,
728 3752 873 3859 opere
897 3729 1118 3829 mediocri
1145 3728 1333 3829 scillcet:
1359 3728 1715 3847 Micrometrum
1740 3726 1803 3827 ai-

313 3882 456 3980 lixum
474 3879 681 3981 habebat
717 3882 831 3982 tubo
871 3907 929 4026 35
973 3878 1143 4014 pedum
1176 3883 1383 3982 constans
1414 3880 1496 3981 filo
1533 3881 1802 3985 horario&

313 4032 492 4133 duobus
517 4032 773 4163 parallelo,
816 4067 919 4163 quae
944 4033 1136 4136 cochlea
1163 4032 1577 4166 constringebantur
1602 4041 1649 4134 da
1674 4035 1802 4155 didu-

312 4188 561 4311 cebantur3
605 4185 854 4288 Pendulum
893 4190 1107 4321 exigebat
1144 4191 1203 4290 ad
1242 4188 1510 4327 triangulum
1549 4190 1677 4289 filare
1713 4190 1800 4292 fer·

308 4372 458 4464 reum,
482 4340 705 4473 amplum,
730 4328 888 4445 ellade
903 4332 947 4443 in
963 4328 1228 4445 Meridiano
1253 4324 1538 4445 constitutum
1546 4377 1562 4467 -;
1589 4364 1725 4472 atque
1750 4367 1800 4444 ut
1835 4368 1837 4373 ·

308 4515 409 4598 crat
433 4498 532 4596 visu
557 4495 803 4601 admodum
828 4517 992 4621 acuto,
1016 4501 1121 4599 satis
1146 4517 1271 4620 tute,
1298 4502 1577 4599 &accurate
1603 4528 1799 4628 organo·

308 4680 407 4751 rum
432 4648 652 4754 defectum
678 4649 908 4782 diligentia
933 4656 1261 4787 compensante.
1304 4651 1581 4785 Telescopia
1594 4652 1799 4783 ¹denique

306 4802 503 4907 habebat
526 4811 669 4906 variae
692 4805 877 4929 formae,
903 4810 1063 4906 &suis
1091 4807 1240 4935 aliq'ua'
1254 4792 1463 4906 ¹'r'eticulie
1486 4810 1699 4908 instrutio·
1858 4810 1862 4847 ²

462 4958 669 5090 Eclipses
694 4957 813 5061 Solis
838 4965 886 5060 dc
913 4964 1057 5062 Lunae
1081 4963 1316 5096 plerasque
1341 4990 1498 5064 omnes
1531 4961 1795 5069 observavit

305 5119 348 5211 in
372 5110 704 5215 Observatorio
730 5111 958 5236 publico,
983 5117 1058 5217 ubi
1086 5138 1296 5250 tempora
1322 5122 1597 5247 exiguntur,
1631 5117 1712 5217 vel
1736 5119 1796 5220 ad

304 5264 549 5396 horologia
574 5267 792 5370 manualia
826 5288 1011 5391 rotata,
1040 5271 1122 5374 vel
1155 5271 1214 5372 ad
1248 5270 1467 5375 armillam
1500 5278 1794 5398 aequatoriam
1858 5270 1861 5275 ’

310 5424 339 5519 ό
370 5418 537 5552 pedum
562 5428 605 5520 in
630 5423 877 5542 diametro,
905 5423 985 5525 vel
1010 5424 1069 5524 ad
1104 5458 1314 5557 magnum
1349 5426 1652 5549 sciatericum,
1678 5431 1726 5526 dc
1750 5434 1793 5525 in

303 5575 477 5676 armilla
501 5574 703 5707 distingui
730 5576 909 5711 poliunt
935 5586 1070 5681 etiam
1097 5602 1253 5711 partes
1278 5584 1432 5681 minuti
1457 5589 1602 5710 primi.
1680 5574 1793 5686 Has
1855 5706 1857 5711 Ι

304 5746 455 5830 autem
472 5730 702 5865 Eclipses,
727 5734 944 5866 peculiari
961 5732 1120 5836 libello
1140 5735 1281 5841 nitide
1305 5731 1569 5857 adnotatas,
1596 5733 1790 5864 reliquit,
1855 5794 1858 5801 -

534 6075 610 6094 *ff*
627 6081 642 6090 ⁹⁴·
659 6081 911 6102 ”rw-*wm-
923 6086 981 6100 ‹ru-v
1018 6095 1019 6098 ,
1036 6083 1077 6100 ua
1089 6081 1563 6102 ,Μαι-ια*
